% Encoding: UTF-8

@Article{Chiou:2013,
  author    = {Chiou, Yu-Chiun and Fu, Chiang},
  title     = {Modeling crash frequency and severity using multinomial-generalized Poisson model with error components},
  journal   = {Accident Analysis \& Prevention},
  year      = {2013},
  volume    = {50},
  pages     = {73--82},
  publisher = {Elsevier},
}

@Article{Gkritza:2013,
  author    = {Gkritza, Konstantina and Souleyrette, Reginald R and Baird, Michael J and Danielson, Brent J},
  title     = {Empirical Bayes approach for estimating urban deer-vehicle crashes using police and maintenance records},
  journal   = {Journal of transportation engineering},
  year      = {2013},
  volume    = {140},
  number    = {2},
  pages     = {04013002},
  publisher = {American Society of Civil Engineers},
}

@PhdThesis{Lin:2015,
  author = {Lin, Lei},
  title  = {Data science application in intelligent transportation systems: An integrative approach for border delay prediction and traffic accident analysis},
  school = {State University of New York at Buffalo},
  year   = {2015},
}

@Article{Lord:2004,
  author    = {Lord, Dominique and Persaud, Bhagwant N},
  title     = {Estimating the safety performance of urban road transportation networks},
  journal   = {Accident analysis \& prevention},
  year      = {2004},
  volume    = {36},
  number    = {4},
  pages     = {609--620},
  publisher = {Elsevier},
}

@Article{Lord:2010,
  author    = {Lord, Dominique and Mannering, Fred},
  title     = {The statistical analysis of crash-frequency data: a review and assessment of methodological alternatives},
  journal   = {Transportation Research Part A: Policy and Practice},
  year      = {2010},
  volume    = {44},
  number    = {5},
  pages     = {291--305},
  publisher = {Elsevier},
}

@Article{Rhee:2016,
  author    = {Rhee, Kyoung-Ah and Kim, Joon-Ki and Lee, Young-Ihn and Ulfarsson, Gudmundur F},
  title     = {Spatial regression analysis of traffic crashes in Seoul},
  journal   = {Accident Analysis \& Prevention},
  year      = {2016},
  volume    = {91},
  pages     = {190--199},
  publisher = {Elsevier},
}

@Article{Saha:2015,
  author    = {Saha, Dibakar and Alluri, Priyanka and Gan, Albert},
  title     = {Prioritizing Highway Safety Manualâ€™s crash prediction variables using boosted regression trees},
  journal   = {Accident Analysis \& Prevention},
  year      = {2015},
  volume    = {79},
  pages     = {133--144},
  publisher = {Elsevier},
}

@Article{Saleem:2016,
  author  = {Saleem, Farhan and Asa, Eric and Membah, Joseph},
  title   = {An Exploratory Computational Piecewise Approach to Characterizing and Analyzing Traffic Accident Data.},
  journal = {International Journal of Scientific and Technical Research in Engineering},
  year    = {2016},
}

@PhdThesis{Wang:2016,
  author = {Wang, Kai},
  title  = {Exploration of Advances in Statistical Methodologies for Crash Count and Severity Prediction Models},
  school = {University of Connecticut},
  year   = {2016},
}

@Article{Xie:2007,
  author    = {Xie, Yuanchang and Lord, Dominique and Zhang, Yunlong},
  title     = {Predicting motor vehicle collisions using Bayesian neural network models: An empirical analysis},
  journal   = {Accident Analysis \& Prevention},
  year      = {2007},
  volume    = {39},
  number    = {5},
  pages     = {922--933},
  publisher = {Elsevier},
}

@Article{Zeng:2014,
  author    = {Zeng, Qiang and Huang, Helai},
  title     = {Bayesian spatial joint modeling of traffic crashes on an urban road network},
  journal   = {Accident Analysis \& Prevention},
  year      = {2014},
  volume    = {67},
  pages     = {105--112},
  publisher = {Elsevier},
}

@Article{Chiou:2013a,
  author    = {Chiou, Yu-Chiun and Lan, Lawrence W and Chen, Wen-Pin},
  title     = {A two-stage mining framework to explore key risk conditions on one-vehicle crash severity},
  journal   = {Accident Analysis \& Prevention},
  year      = {2013},
  volume    = {50},
  pages     = {405--415},
  publisher = {Elsevier},
}

@Comment{jabref-meta: databaseType:bibtex;}
